@article{falk1992cahn,
  title={Cahn-Hilliard theory and irreversible thermodynamics},
  author={Falk, F},
  year={1992},
  publisher={Walter de Gruyter, Berlin/New York Berlin, New York}
}

@article{cahn1959free,
  title={Free energy of a nonuniform system. III. Nucleation in a two-component incompressible fluid},
  author={Cahn, John W and Hilliard, John E},
  journal={The Journal of chemical physics},
  volume={31},
  number={3},
  pages={688--699},
  year={1959},
  publisher={American Institute of Physics}
}

@article{yushutin2019computational,
  title={A computational study of lateral phase separation in biological membranes},
  author={Yushutin, Vladimir and Quaini, Annalisa and Majd, Sheereen and Olshanskii, Maxim},
  journal={International journal for numerical methods in biomedical engineering},
  volume={35},
  number={3},
  pages={e3181},
  year={2019},
  publisher={Wiley Online Library}
}
@article{zimmermann2019calculation,
  title={Calculation of droplet coalescence in binary liquid--liquid systems: An incompressible Cahn--Hilliard/Navier--Stokes approach using the non-random two-liquid model},
  author={Zimmermann, Patrick and Mawbey, Andrew and Zeiner, Tim},
  journal={Journal of Chemical \& Engineering Data},
  volume={65},
  number={3},
  pages={1083--1094},
  year={2019},
  publisher={ACS Publications}
}

@article{feng2007fully,
  title={Fully discrete dynamic mesh discontinuous Galerkin methods for the Cahn-Hilliard equation of phase transition},
  author={Feng, Xiaobing and Karakashian, Ohannes},
  journal={Mathematics of computation},
  volume={76},
  number={259},
  pages={1093--1117},
  year={2007}
}
@article{kapl2021family,
  title={A family of C 1 quadrilateral finite elements},
  author={Kapl, Mario and Sangalli, Giancarlo and Takacs, Thomas},
  journal={Advances in Computational Mathematics},
  volume={47},
  pages={1--38},
  year={2021},
  publisher={Springer}
}
@book{brenner2012,
  title={C0 Interior Penalty Methods},
  author={Susanne Brenner},
  url={https://link.springer.com/content/pdf/10.1007/978-3-642-23914-4_2.pdf},
  year={2012},
  publisher={Springer International Publishing}
}

@article{burman2015cutfem,
  title={CutFEM: discretizing geometry and partial differential equations},
  author={Burman, Erik and Claus, Susanne and Hansbo, Peter and Larson, Mats G and Massing, Andr{\'e}},
  journal={International Journal for Numerical Methods in Engineering},
  volume={104},
  number={7},
  pages={472--501},
  year={2015},
  publisher={Wiley Online Library}
}

@article{gurkan2019stabilized,
  title={A stabilized cut discontinuous Galerkin framework for elliptic boundary value and interface problems},
  author={G{\"u}rkan, Ceren and Massing, Andr{\'e}},
  journal={Computer Methods in Applied Mechanics and Engineering},
  volume={348},
  pages={466--499},
  year={2019},
  publisher={Elsevier}
}

@phdthesis{Gu2012,
  author = {Gu, Shiyuan},
  title = {C0 Interior Penalty Methods for Cahn-Hilliard Equations},
  school = {Louisiana State University},
  year = {2012},
  type = {Doctoral Dissertations},
  number = {1744}
  % url = {https://digitalcommons.lsu.edu/gradschool_dissertations/1744}
}

@article{feng2007fully,
  title={Fully discrete dynamic mesh discontinuous Galerkin methods for the Cahn-Hilliard equation of phase transition},
  author={Feng, Xiaobing and Karakashian, Ohannes},
  journal={Mathematics of computation},
  volume={76},
  number={259},
  pages={1093--1117},
  year={2007}
}
