@article{yushutin19,
    author = {Yushutin, Vladimir and Quaini, Annalisa and Majd, Sheereen and Olshanskii, Maxim},
    title = {A computational study of lateral phase separation in biological membranes},
    doi = {https://doi.org/10.1002/cnm.3181},
    year = {2019}
}

@article{small2006sorting,
  title={Sorting through the cell biology of Alzheimer's disease: intracellular pathways to pathogenesis},
  author={Small, Scott A and Gandy, Sam},
  year={2006}
}

@article{neidleman87,
author = { Saul   L.   Neidleman },
title = {Effects of Temperature on Lipid Unsaturation},
pages = {245-268},
year  = {1987},
doi = {10.1080/02648725.1987.10647839}
}

@article{edidin03,
author = {Edidin, Michael},
title = {The State of Lipid Rafts: From Model Membranes to Cells},
journal = {Annual Review of Biophysics and Biomolecular Structure},
pages = {257-283},
year = {2003}
}

@article{wang08,
author = {Wang, Xiaoqiang and Du, Qiang},
year = {2008},
month = {04},
pages = {347-71},
title = {Modelling and simulations of multi-component lipid membranes and open membranes via diffuse interface approaches},
volume = {56},
journal = {Journal of mathematical biology},
doi = {10.1007/s00285-007-0118-2}
}


@article{ratz16,
title = {A benchmark for the surface Cahn–Hilliard equation},
pages = {65-71},
year = {2016},
doi = {https://doi.org/10.1016/j.aml.2015.12.008},
author = {Andreas Rätz},
}

@article{Gera2017,
  title={Cahn-Hilliard on surfaces: A numerical study},
  author={P. Gera and David Salac},
  year={2017},
  pages={56-61}
}

@article{caetano21,
    title={Cahn–Hilliard equations on an evolving surface},
    DOI={10.1017/S0956792521000176},
    author={CAETANO, D. and ELLIOTT, C. M.}, year={2021}, pages={937–1000}
}

@book{montiel2009curves,
  title={Curves and Surfaces},
  author={Montiel, S. and Ros, A. and Babbitt, D.G.},
  chapter={8.5},
  year={2009},
}


@article{udo97,
author = { Udo   Seifert },
title = {Configurations of fluid membranes and vesicles},
journal = {Advances in Physics},
pages = {13-137},
year  = {1997},
publisher = {Taylor & Francis},
doi = {10.1080/00018739700101488}
}

@article{rupp21,
  doi = {10.48550/ARXIV.2012.03553},
  author = {Rupp, Fabian},
  title = {The volume-preserving Willmore flow},
  year = {2020}
}

@article{koerber2021area,
  title={The area preserving Willmore flow and local maximizers of the Hawking mass in asymptotically Schwarzschild manifolds},
  author={Koerber, Thomas},
  year={2021}
}

@article{jakob2022singularities,
  title={Singularities and full convergence of the Mobius-invariant Willmore flow in the 3-sphere},
  author={Jakob, Ruben},
  year={2022}
}

@article{topping2000towards,
  title={Towards the Willmore conjecture},
  author={Topping, Peter},
  year={2000},
}

@article{marques2014willmore,
  title={The willmore conjecture},
  author={Marques, Fernando C and Neves, Andre},
  year={2014}
}

@article{dogan2007discrete,
  title={Discrete gradient flows for shape optimization and applications},
  author={Dogan, Gunay and Morin, Pedro and Nochetto, Ricardo H and Verani, Marco},
  year={2007}
}

@article{dogan2005finite,
  title={Finite element methods for shape optimization and applications},
  author={Dogan, G and Morin, P and Nochetto, RH and Verani, M},
  journal={Preprint},
  year={2005}
}

@article{blank2012allen,
  title={Allen-Cahn and Cahn-Hilliard variational inequalities solved with optimization techniques},
  author={Blank, Luise and Butz, Martin and Garcke, Harald and Sarbu, Lavinia and Styles, Vanessa},
  year={2012}
}
@article{ dalphin2014study,
  title={Study of geometric functionals depending on curvature by shape optimization methods. Applications to the functionals of Willmore and Canham-Helfrich.},
  author={Dalphin, J{\'e}r{\'e}my},
  year={2014},
}

@article{bouchitte2014shape,
  title={Shape derivatives for minima of integral functionals},
  author={Bouchitte, Guy and Fragala, Ilaria and Lucardesi, Ilaria},
  year={2014},
}

@article{bonito2010parametric,
  title={Parametric FEM for geometric biomembranes},
  author={Bonito, Andrea and Nochetto, Ricardo H and Pauletti, M Sebastian},
  year={2010}
}

@book{troltzsch2010optimal,
  title={Optimal control of partial differential equations: theory, methods, and applications},
  author={Troltzsch, Fredi},
  chapter={2.6},
  year={2010}
}

@book{willmore1996riemannian,
  title={Riemannian geometry},
  author={Willmore, Thomas},
  year={1996},
  pages={270},
  chapter={7.2},
}

@article{kovacs2021convergent,
  title={A convergent evolving finite element algorithm for Willmore flow of closed surfaces},
  author={Kov{\'a}cs, Bal{\'a}zs and Li, Buyang and Lubich, Christian},
  year={2021}
}

@article{kovacs2019convergent,
  title={A convergent evolving finite element algorithm for mean curvature flow of closed surfaces},
  author={Kov{\'a}cs, Bal{\'a}zs and Li, Buyang and Lubich, Christian},
  journal={Numerische Mathematik},
  volume={143},
  number={4},
  pages={797--853},
  year={2019},
  publisher={Springer}
}

@article{dougan2012first,
  title={First variation of the general curvature-dependent surface energy},
  author={Doğan, Günay; Nochetto, Ricardo H},
  year={2012}
}

@book{sokolowski1992introduction,
  title={Introduction to shape optimization},
  author={Sokolowski, Jan and Zol{\'e}sio, Jean-Paul},
  title={Introduction to shape optimization},
  pages={47--48},
  year={1992},
}
@article{ito2008variational,
  title={Variational approach to shape derivatives},
  author={Ito, Kazufumi and Kunisch, Karl and Peichl, Gunther H},
  journal={ESAIM: Control, Optimisation and Calculus of Variations},
}

@article{dziuk2013finite,
  title={Finite element methods for surface PDEs},
  author={Dziuk, Gerhard and Elliott, Charles M},
}

@article{hu2022evolving,
  title={Evolving finite element methods with an artificial tangential velocity for mean curvature flow and Willmore flow},
  author={Hu, Jiashun and Li, Buyang},
  year={2022}
}

@article{link2013gradient,
  title={Gradient flow for the Willmore functional in Riemannian manifolds of bounded geometry},
  author={Link, Florian},
  journal={arXiv preprint arXiv:1308.6055},
  year={2013}
}

@article{palmurella2022parametric,
  title={The parametric approach to the Willmore flow},
  author={Palmurella, Francesco and Rivi{\`e}re, Tristan},
  journal={Advances in Mathematics},
  volume={400},
  pages={108257},
  year={2022},
  publisher={Elsevier}
}

@article{bartezzaghi2016isogeometric,
  title={Isogeometric analysis of geometric partial differential equations},
  author={Bartezzaghi, Andrea and Ded{\`e}, Luca and Quarteroni, Alfio},
  journal={Computer Methods in Applied Mechanics and Engineering},
  volume={311},
  pages={625--647},
  year={2016},
  publisher={Elsevier}
}
@article{binz2022convergent,
  title={A convergent finite element algorithm for generalized mean curvature flows of closed surfaces},
  author={Binz, Tim and Kov{\'a}cs, Bal{\'a}zs},
  year={2022},
  publisher={Oxford University Press}
}

@article{xu2003eulerian,
  title={An Eulerian formulation for solving partial differential equations along a moving interface},
  author={Xu, Jian-Jun and Zhao, Hong-Kai},
  journal={Journal of Scientific Computing},
  volume={19},
  number={1},
  pages={573--594},
  year={2003},
}

@article{dziuk2008computational,
  title={Computational parametric Willmore flow},
  author={Dziuk, Gerhard},
  journal={Numerische Mathematik},
  volume={111},
  number={1},
  pages={55--80},
  year={2008},
  publisher={Springer}
}

@article{barrett2007parametric,
  title={A parametric finite element method for fourth order geometric evolution equations},
  author={Barrett, John W and Garcke, Harald and N{\"u}rnberg, Robert},
  journal={Journal of Computational Physics},
  volume={222},
  number={1},
  pages={441--467},
  year={2007},
  publisher={Elsevier}
}

@article{barrett2007variational,
  title={On the variational approximation of combined second and fourth order geometric evolution equations},
  author={Barrett, John W and Garcke, Harald and N{\"u}rnberg, Robert},
  journal={SIAM Journal on Scientific Computing},
  volume={29},
  number={3},
  pages={1006--1041},
  year={2007},
  publisher={SIAM}
}
@article{dziuk2007finite,
  title={Finite elements on evolving surfaces},
  author={Dziuk, Gerhard and Elliott, Charles M},
  journal={IMA journal of numerical analysis},
  volume={27},
  number={2},
  pages={262--292},
  year={2007},
  publisher={Oxford University Press}
}

@article{simonett2001willmore,
  title={The Willmore flow near spheres},
  author={Simonett, Gieri},
  journal={Differential and Integral Equations},
  volume={14},
  number={8},
  pages={1005--1014},
  year={2001},
  publisher={Khayyam Publishing, Inc.}
}
@article{mayer2002numerical,
  title={A numerical scheme for axisymmetric solutions of curvature-driven free boundary problems, with applications to the Willmore flow},
  author={Mayer, Uwe F and Simonett, Gieri},
  journal={Interfaces and Free Boundaries},
  volume={4},
  number={1},
  pages={89--109},
  year={2002}
}

@incollection{kuwert2012willmore,
  title={The Willmore functional},
  author={Kuwert, Ernst and Sch{\"a}tzle, Reiner},
  booktitle={Topics in modern regularity theory},
  pages={1--115},
  year={2012},
  publisher={Springer}
}

@article{lehrenfeld2018stabilized,
  title={A stabilized trace finite element method for partial differential equations on evolving surfaces},
  author={Lehrenfeld, Christoph and Olshanskii, Maxim A and Xu, Xianmin},
  journal={SIAM Journal on Numerical Analysis},
  volume={56},
  number={3},
  pages={1643--1672},
  year={2018},
  publisher={SIAM}
}

@article{helfrich1973elastic,
  title={Elastic properties of lipid bilayers: theory and possible experiments},
  author={Helfrich, Wolfgang},
  journal={Zeitschrift f{\"u}r Naturforschung c},
  volume={28},
  number={11-12},
  pages={693--703},
  year={1973},
  publisher={De Gruyter}
}

@article{burger2021interaction,
  title={Interaction of mean curvature flow and diffusion},
  author={Burger},
  year={2021},
  Journal={PhD thesis, University of Regensburg, Regensburg, Germany}
}

@article{elliott2022numerical,
  title={Numerical analysis for the interaction of mean curvature flow and diffusion on closed surfaces},
  author={Elliott, Charles M and Garcke, Harald and Kov{\'a}cs, Bal{\'a}zs},
  year={2022}
}

@article{miller2020divide,
  title={Divide and conquer: How phase separation contributes to lateral transport and organization of membrane proteins and lipids},
  author={Miller, Ethan J and Ratajczak, Amanda M and Anthony, Autumn A and Mottau, Matthew and Gonzalez, Xaymara I Rivera and Honerkamp-Smith, Aurelia R},
  journal={Chemistry and Physics of Lipids},
  volume={233},
  pages={104985},
  year={2020},
  publisher={Elsevier}
}

@article{zhu2022mem3dg,
  title={Mem3DG: modeling membrane mechanochemical dynamics in 3D using discrete differential geometry},
  author={Zhu, Cuncheng and Lee, Christopher T and Rangamani, Padmini},
  journal={Biophysical Journal},
  volume={121},
  number={3},
  pages={71a},
  year={2022},
  publisher={Elsevier}
}
