@article{gurkan2019stabilized,
  title={A stabilized cut discontinuous Galerkin framework for elliptic boundary value and interface problems},
  author={G{\"u}rkan, Ceren and Massing, Andr{\'e}},
  journal={Computer Methods in Applied Mechanics and Engineering},
  volume={348},
  pages={466--499},
  year={2019},
  publisher={Elsevier}
}
@article{badia2018aggregated,
  title={The aggregated unfitted finite element method for elliptic problems},
  author={Badia, Santiago and Verdugo, Francesc and Mart{\'\i}n, Alberto F},
  journal={Computer Methods in Applied Mechanics and Engineering},
  volume={336},
  pages={533--553},
  year={2018},
  publisher={Elsevier}
}
